 <marc:record>
        <marc:leader>04218cam a2200649 a 4500</marc:leader>
        <marc:controlfield tag="001">430720</marc:controlfield>
        <marc:controlfield tag="005">20130618123622.0</marc:controlfield>
        <marc:controlfield tag="008">860923s1794    enk           00010 eng d</marc:controlfield>
        <marc:datafield ind1=" " ind2=" " tag="035">
            <marc:subfield code="a">(CStRLIN)PAUG86-B41807</marc:subfield></marc:datafield>
        <marc:datafield ind1=" " ind2=" " tag="035">
            <marc:subfield code="a">(CaOTULAS)146810561</marc:subfield>
        </marc:datafield>
        <marc:datafield ind1=" " ind2=" " tag="035">
            <marc:subfield code="9">AAQ0252</marc:subfield>
        </marc:datafield>
        <marc:datafield ind1=" " ind2=" " tag="035">
            <marc:subfield code="a">105352</marc:subfield>
        </marc:datafield>
        <marc:datafield ind1=" " ind2=" " tag="035">
            <marc:subfield code="a">(MediadbVoyBIBID) 430720</marc:subfield>
        </marc:datafield>
        <marc:datafield ind1=" " ind2=" " tag="040">
            <marc:subfield code="a">PU</marc:subfield>
            <marc:subfield code="c">PU</marc:subfield>
        </marc:datafield>
        <marc:datafield ind1="1" ind2=" " tag="041">
            <marc:subfield code="a">eng</marc:subfield>
            <marc:subfield code="h">fre</marc:subfield>
        </marc:datafield>
        <marc:datafield ind1=" " ind2=" " tag="043">
            <marc:subfield code="a">e-fr---</marc:subfield>
        </marc:datafield>
        <marc:datafield ind1=" " ind2=" " tag="090">
            <marc:subfield code="a">PQ3889.L5</marc:subfield>
            <marc:subfield code="b">B413 1794</marc:subfield>
            <marc:subfield code="i">09/23/86 CT</marc:subfield>
        </marc:datafield>
        <marc:datafield ind1="1" ind2="0" tag="100">
            <marc:subfield code="a">Liomin, Louis-Augustin,</marc:subfield>
            <marc:subfield code="d">fl. 1792.</marc:subfield>
        </marc:datafield>
        <marc:datafield ind1="1" ind2="0" tag="240">
            <marc:subfield code="a">Bergère d\'Aranville.</marc:subfield>
            <marc:subfield code="l">English.</marc:subfield>
        </marc:datafield>
        <marc:datafield ind1="1" ind2="4" tag="245">
            <marc:subfield code="a">The shepherdess of Aranville :</marc:subfield>
            <marc:subfield code="b">a romance /</marc:subfield>
            <marc:subfield code="c">translated from the French of M. Liomin.</marc:subfield>
        </marc:datafield>
        <marc:datafield ind1=" " ind2=" " tag="246">
            <marc:subfield code="a">The shepherdess of Aranville: a romance.</marc:subfield>
            <marc:subfield code="d">Letter-press</marc:subfield>
            <marc:subfield code="g">Half</marc:subfield>
            <marc:subfield code="x">Work</marc:subfield>
        </marc:datafield>
        <marc:datafield ind1=" " ind2=" " tag="246">
            <marc:subfield code="a">The shepherdess of Aranville: a romance.  Translated from the French of M. Liomin.  And dedicated by permission to her Royal Highness the Duchess of York.</marc:subfield>
            <marc:subfield code="d">Letter-press</marc:subfield>
            <marc:subfield code="g">Full</marc:subfield>
            <marc:subfield code="x">Work</marc:subfield>
        </marc:datafield>
        <marc:datafield ind1="0" ind2=" " tag="260">
            <marc:subfield code="a">London</marc:subfield>
            <marc:subfield code="b">Printed by J. Adlard, no. 39, Duke-Street, West Smithfield: and sold by Owen, no. 168, and Mason, no. 169, Piccadilly; and Parsons, no. 21, Paternoster-Row</marc:subfield>
            <marc:subfield code="c">M,DCC,XCIV. (1794)</marc:subfield>
        </marc:datafield>
        <marc:datafield ind1=" " ind2=" " tag="300">
            <marc:subfield code="a">[8], 175, [1] p. (the last page blank) ;</marc:subfield>
            <marc:subfield code="c">18 cm.</marc:subfield>
            <marc:subfield code="x">Duodecimo</marc:subfield>
            <marc:subfield code="a">[1 v.]</marc:subfield>
        </marc:datafield>
        <marc:datafield ind1=" " ind2=" " tag="500">
            <marc:subfield code="a">Translation of: La bergère d\'Aranville.</marc:subfield>
        </marc:datafield>
        <marc:datafield ind1=" " ind2=" " tag="500">
            <marc:subfield code="a">Translator\'s dedication signed: S. Beckwith.</marc:subfield>
        </marc:datafield>
        <marc:datafield ind1="4" ind2=" " tag="510">
            <marc:subfield code="a">Cioranescu, A. 18. s.</marc:subfield>
            <marc:subfield code="c">40654</marc:subfield>
        </marc:datafield>
        <marc:datafield ind1="4" ind2=" " tag="510">
            <marc:subfield code="a">ESTC (RLIN)</marc:subfield>
            <marc:subfield code="c">N64441</marc:subfield>
        </marc:datafield>
        <marc:datafield ind1="4" ind2=" " tag="510">
            <marc:subfield code="a">English novel, 1770-1829,</marc:subfield>
            <marc:subfield code="c">1794:37</marc:subfield>
        </marc:datafield>
        <marc:datafield ind1=" " ind2=" " tag="520">
            <marc:subfield code="a">Dedication</marc:subfield>
            <marc:subfield code="b">Dedication.  To her royal highness, the Duchess of York.</marc:subfield>
            <marc:subfield code="c">Front</marc:subfield>
            <marc:subfield code="x">Transcription of the first sentence: &quot;Madam, It would be doing injustice to the taste and judgment of your Royal Highness, were I not to acknowledge, that the honor you are pleased to confer on this little work, is more a favor granted to the situation of the translator, than either bestowed on her merit, or that of the performance; and this favor, so little to be hoped for, is perhaps the only one that could have obliged her to give her name to the public.&quot;</marc:subfield>
        </marc:datafield>
        <marc:datafield ind1=" " ind2=" " tag="520">
            <marc:subfield code="a">Footnotes</marc:subfield>
            <marc:subfield code="c">Middle</marc:subfield>
            <marc:subfield code="x">Author\'s footnotes appear on pages 70 and 174.</marc:subfield>
        </marc:datafield>
        <marc:datafield ind1=" " ind2=" " tag="591">
            <marc:subfield code="a">C\'est le Pinceau de Florian --- Ce sont les sentimens de Marmontel.</marc:subfield>
            <marc:subfield code="d">Title page</marc:subfield>
        </marc:datafield>
        <marc:datafield ind1=" " ind2=" " tag="592">
            <marc:subfield code="a">Third-person</marc:subfield>
        </marc:datafield>
        <marc:datafield ind1=" " ind2=" " tag="594">
            <marc:subfield code="a">John C. Mendenhall 1927</marc:subfield>
            <marc:subfield code="b">Ink</marc:subfield>
            <marc:subfield code="x">Located on the recto of the half title.</marc:subfield>
        </marc:datafield>
        <marc:datafield ind1=" " ind2=" " tag="596">
            <marc:subfield code="a">Translation</marc:subfield>
            <marc:subfield code="b">Title page</marc:subfield>
            <marc:subfield code="c">French</marc:subfield>
            <marc:subfield code="e">Translated from the French of M. Liomin.</marc:subfield>
        </marc:datafield>
        <marc:datafield ind1=" " ind2=" " tag="599">
            <marc:subfield code="a">Translator (text)</marc:subfield>
            <marc:subfield code="1">Generic/Descriptive</marc:subfield>
            <marc:subfield code="2">&quot;a favor granted to the situation of the translator [...] is perhaps the only one that could have obliged her to give her name to the public. [...] Thus inoffensive, impotent, and ill-dressed, the Sphepherdess of Aranville [...] hangs herself at the feet of Your Royal Highness.&quot;</marc:subfield>
            <marc:subfield code="3">Dedication</marc:subfield>
            <marc:subfield code="5">Female</marc:subfield>
            <marc:subfield code="6">Unknown</marc:subfield>
        </marc:datafield>
        <marc:datafield ind1=" " ind2=" " tag="599">
            <marc:subfield code="a">Author (paratext)</marc:subfield>
            <marc:subfield code="1">Proper name</marc:subfield>
            <marc:subfield code="2">The preservation, honor, and happiness of this name, shall ever form the most ardent wish of, Your Royal Highness\'s most obedient, and devoted humble servant, S. Beckwith.</marc:subfield>
            <marc:subfield code="3">Dedication</marc:subfield>
            <marc:subfield code="5">Indeterminate</marc:subfield>
            <marc:subfield code="6">Unknown</marc:subfield>
        </marc:datafield>
        <marc:datafield ind1=" " ind2="0" tag="651">
            <marc:subfield code="a">France</marc:subfield>
            <marc:subfield code="x">History</marc:subfield>
            <marc:subfield code="y">Revolution, 1789-1799</marc:subfield>
            <marc:subfield code="x">Fiction</marc:subfield>
        </marc:datafield>
        <marc:datafield ind1=" " ind2="4" tag="650">
            <marc:subfield code="a">CHR 1794</marc:subfield>
        </marc:datafield>
        <marc:datafield ind1=" " ind2="4" tag="650">
            <marc:subfield code="a">PRO Mendenhall, John C. (autograph) (donor)</marc:subfield>
        </marc:datafield>
        <marc:datafield ind1="1" ind2="0" tag="700">
            <marc:subfield code="a">Beckwith, S.,</marc:subfield>
            <marc:subfield code="d">fl. 1794.</marc:subfield>
            <marc:subfield code="4">Author (paratext)</marc:subfield>
            <marc:subfield code="5">Unauthorized</marc:subfield>
        </marc:datafield>
        <marc:datafield ind1=" " ind2=" " tag="700">
            <marc:subfield code="a">M. Liomin</marc:subfield>
            <marc:subfield code="4">Author (source text)</marc:subfield>
            <marc:subfield code="5">Unauthorized</marc:subfield>
        </marc:datafield>
        <marc:datafield ind1=" " ind2=" " tag="700">
            <marc:subfield code="a">Frederica Charlotte Ulrica Catharina</marc:subfield>
            <marc:subfield code="c">Princess, Duchess of York</marc:subfield>
            <marc:subfield code="d">1767-1820</marc:subfield>
            <marc:subfield code="4">Dedicatee</marc:subfield>
            <marc:subfield code="5">Authorized</marc:subfield>
        </marc:datafield>
        <marc:datafield ind1=" " ind2=" " tag="700">
            <marc:subfield code="a">Adlard, James,</marc:subfield>
            <marc:subfield code="4">Printed for</marc:subfield>
            <marc:subfield code="5">Authorized</marc:subfield>
        </marc:datafield>
        <marc:datafield ind1=" " ind2=" " tag="700">
            <marc:subfield code="a">Owen</marc:subfield>
            <marc:subfield code="4">Sold by</marc:subfield>
            <marc:subfield code="5">Unauthorized</marc:subfield>
        </marc:datafield>
        <marc:datafield ind1=" " ind2=" " tag="700">
            <marc:subfield code="a">Mason</marc:subfield>
            <marc:subfield code="4">Sold by</marc:subfield>
            <marc:subfield code="5">Unauthorized</marc:subfield>
        </marc:datafield>
        <marc:datafield ind1=" " ind2=" " tag="700">
            <marc:subfield code="a">Parsons</marc:subfield>
            <marc:subfield code="4">Sold by</marc:subfield>
            <marc:subfield code="5">Unauthorized</marc:subfield>
        </marc:datafield>
        <marc:datafield ind1=" " ind2=" " tag="710">
            <marc:subfield code="a">J. Adlard</marc:subfield>
            <marc:subfield code="4">Printed for</marc:subfield>
            <marc:subfield code="5">Unauthorized</marc:subfield>
        </marc:datafield>
        <marc:datafield ind1=" " ind2=" " tag="710">
            <marc:subfield code="a">Owen</marc:subfield>
            <marc:subfield code="4">Sold by</marc:subfield>
            <marc:subfield code="5">Unauthorized</marc:subfield>
        </marc:datafield>
        <marc:datafield ind1=" " ind2=" " tag="710">
            <marc:subfield code="a">Mason</marc:subfield>
            <marc:subfield code="4">Sold by</marc:subfield>
            <marc:subfield code="5">Unauthorized</marc:subfield>
        </marc:datafield>
        <marc:datafield ind1=" " ind2=" " tag="710">
            <marc:subfield code="a">Parsons</marc:subfield>
            <marc:subfield code="4">Sold by</marc:subfield>
            <marc:subfield code="5">Unauthorized</marc:subfield>
        </marc:datafield>
        <marc:datafield ind1="2" ind2=" " tag="710">
            <marc:subfield code="a">Collection of British and American Fiction, 1660-1830 (University of Pennsylvania)</marc:subfield>
            <marc:subfield code="5">PU</marc:subfield>
        </marc:datafield>
        <marc:datafield ind1="0" ind2="2" tag="710">
            <marc:subfield code="a">Early Novels</marc:subfield>
            <marc:subfield code="5">University of Pennsylvania</marc:subfield>
        </marc:datafield>
        <marc:datafield ind1=" " ind2=" " tag="950">
            <marc:subfield code="l">RBC</marc:subfield>
            <marc:subfield code="e">\\\\Singer-\\Menden-\\hall\\</marc:subfield>
            <marc:subfield code="i">09/23/86 C</marc:subfield>
        </marc:datafield>
        <marc:datafield ind1=" " ind2=" " tag="955">
            <marc:subfield code="l">RBC</marc:subfield>
            <marc:subfield code="c">1</marc:subfield>
            <marc:subfield code="q">50-1340</marc:subfield>
            <marc:subfield code="s">g. John C. Mendenhall</marc:subfield>
            <marc:subfield code="i">09/23/86 C</marc:subfield>
        </marc:datafield>
        <marc:datafield ind1=" " ind2=" " tag="989">
            <marc:subfield code="2">Shepherdess</marc:subfield>
            <marc:subfield code="4">Aranville</marc:subfield>
            <marc:subfield code="2">Romance</marc:subfield>
            <marc:subfield code="3">Translated</marc:subfield>
            <marc:subfield code="2">French</marc:subfield>
            <marc:subfield code="5">M. Liomin</marc:subfield>
            <marc:subfield code="3">Dedicated</marc:subfield>
            <marc:subfield code="2">Permission</marc:subfield>
            <marc:subfield code="5">Duchess of York</marc:subfield>
        </marc:datafield>
        <marc:datafield ind1=" " ind2=" " tag="999">
            <marc:subfield code="a">JRH</marc:subfield>
            <marc:subfield code="b">6/18/13</marc:subfield>
            <marc:subfield code="c">Swarthmore College</marc:subfield>
            <marc:subfield code="d">SCE</marc:subfield>
        </marc:datafield>
    </marc:record>